%% This BibTeX bibliography file was created using BibDesk.
%% http://bibdesk.sourceforge.net/


%% Created for Peter Sadosky at 2015-04-24 12:36:42 -0400 


%% Saved with string encoding Unicode (UTF-8) 

@inproceedings{anshu_2014,
  title={Densifying one permutation hashing via rotation for fast near neighbor search},
  author={Shrivastava, Anshumali and Li, Ping},
  booktitle={Proceedings of the 31st International Conference on Machine Learning (ICML-14)},
  pages={557--565},
  year={2014}
}

@inproceedings{li2011hashing,
  title={Hashing algorithms for large-scale learning},
  author={Li, Ping and Shrivastava, Anshumali and Moore, Joshua L and K{\"o}nig, Arnd C},
  booktitle={Advances in Neural Information Processing Systems},
  pages={2672--2680},
  year={2011}
}

@conference{patrickball,
	Author = {Patrick Ball},
	Booktitle = {Meeting},
	Date-Added = {2015-04-16 04:13:16 +0000},
	Date-Modified = {2015-04-24 16:31:09 +0000},
	Pages = {1},
	Title = {Patrick Ball},
	Year = {2014}}

@conference{meganprice,
	Author = {Megan Price},
	Booktitle = {Meeting},
	Date-Added = {2015-04-16 03:50:15 +0000},
	Date-Modified = {2015-04-24 16:36:39 +0000},
	Year = {2015}}

@article{lim_2006,
	Author = {Lim, Lewis K S and Acito, Frank and Rusetski, Alexander},
	Date-Added = {2015-04-12 23:06:25 +0000},
	Date-Modified = {2015-04-12 23:10:10 +0000},
	Journal = {Journal of International Business Studies},
	Pages = {499-524},
	Title = {Development of archetypes of international marketing strategy},
	Year = {2006}}

@article{sarle_1983,
	Author = {Warren S. Sarle},
	Booktitle = {SAS Institute},
	Date-Added = {2015-04-12 23:03:16 +0000},
	Date-Modified = {2015-04-12 23:05:03 +0000},
	Journal = {SAS Technical Report},
	Title = {Cubic Clustering Criterion},
	Volume = {108},
	Year = {1983}}

@inproceedings{ghafour2011aeda,
	Author = {Ghafour, Hesham H Abdel and El-Bastawissy, A and Heggazy, Abdel Fattah A},
	Booktitle = {Computer Engineering \& Systems (ICCES), 2011 International Conference on},
	Date-Added = {2015-04-12 21:50:24 +0000},
	Date-Modified = {2015-04-12 21:51:59 +0000},
	Organization = {IEEE},
	Pages = {307--311},
	Title = {AEDA: Arabic edit distance algorithm Towards a new approach for Arabic name matching},
	Year = {2011}}
	
@Misc{nytimes-hist,
    AUTHOR = {Times},
    TITLE = {In Syria, Crackdown After Protests},
    HOWPUBLISHED = {New York Times},
    MONTH = {03},
    YEAR = {2011},
    ANNOTATE = {This article was published in the New York Times.},
}
	
@Misc{bbc-history,
    AUTHOR = {Rodgers, Lucy and Gritten, D and Offer, J and Asare, P},
    TITLE = {Syria: The story of the conflict},
    HOWPUBLISHED = {BBC News},
    MONTH = {03},
    YEAR = {2015},
    ANNOTATE = {This article was published in BBC News.},
}


@article{hrdag-significance,
	Author = {Price, Megan and Gohdes, Anita and Ball, Patrick},
	Doi = {10.1111/j.1740-9713.2015.00811.x},
	Issn = {1740-9713},
	Journal = {Significance},
	Number = {2},
	Pages = {14--19},
	Title = {Documents of war: Understanding the Syrian conflict},
	Url = {http://dx.doi.org/10.1111/j.1740-9713.2015.00811.x},
	Volume = {12},
	Year = {2015},
	Bdsk-Url-1 = {http://dx.doi.org/10.1111/j.1740-9713.2015.00811.x}}


@url{hrw,
	Author = {Human Rights Watch},
	Date-Added = {2015-01-19 00:26:08 +0000},
	Date-Modified = {2015-04-24 16:33:04 +0000},
	Lastchecked = {2014-01-18},
	Title = {World Report 2011: Syria},
	Url = {http://www.hrw.org/world-report-2011/syria},
	Urldate = {2011},
	Year = {2011},
	Bdsk-Url-1 = {http://www.hrw.org/world-report-2011/syria}}

@article{steorts_2014_eb,
	Author = {Steorts, R.},
	Journal = {Submitted},
	Title = {Empirical Bayesian Graphical Entity Resolution},
	Url = {http://arxiv.org/abs/1409.0643},
	Year = {2014},
	Bdsk-Url-1 = {http://arxiv.org/abs/1409.0643}}

@book{christen_2011,
	Author = {Christen, Peter},
	Publisher = {Springer},
	Title = {Data Matching: Concepts and Techniques for Record Linkage, Entity Resolution, and Duplicate Detection},
	Year = {2012}}

@article{mueller_2007,
	Author = {Zhang, Song and Shih, Ya-Chen Tina and M{\"u}ller, Peter},
	Journal = {Bayesian Analysis},
	Number = {3},
	Pages = {611--633},
	Publisher = {International Society for Bayesian Analysis},
	Title = {A spatially-adjusted Bayesian additive regression tree model to merge two datasets},
	Volume = {2},
	Year = {2007}}

@inproceedings{Christen05,
	Author = {Peter Christen},
	Booktitle = {Proceedings of the Sixth International Conference on Intelligent Data Engineering and Automated Learning (IDEAL'05)},
	Month = {July},
	Pages = {109--116},
	Title = {{Probabilistic Data Generation for Deduplication and Data Linkage}},
	Year = {2005}}

@incollection{ChristenPudjijono09,
	Author = {Christen, Peter and Pudjijono, Agus},
	Booktitle = {Advances in Knowledge Discovery and Data Mining},
	Doi = {10.1007/978-3-642-01307-2_47},
	Editor = {Theeramunkong, Thanaruk and Kijsirikul, Boonserm and Cercone, Nick and Ho, Tu-Bao},
	Isbn = {978-3-642-01306-5},
	Keywords = {Artificial data; data matching; data linkage; privacy; data mining pre-processing},
	Pages = {507--514},
	Publisher = {Springer Berlin Heidelberg},
	Series = {Lecture Notes in Computer Science},
	Title = {{Accurate Synthetic Generation of Realistic Personal Information}},
	Url = {http://dx.doi.org/10.1007/978-3-642-01307-2_47},
	Volume = {5476},
	Year = {2009},
	Bdsk-Url-1 = {http://dx.doi.org/10.1007/978-3-642-01307-2_47}}

@inproceedings{ChristenVatsalan13,
	Author = {Peter Christen and Dinusha Vatsalan},
	Booktitle = {Proceedings of the ACM International Conference on Information and Knowledge Management (CIKM 2013)},
	Title = {{Flexible and Extensible Generation and Corruption of Personal Data}},
	Year = {2013}}

@article{george_2010,
	Author = {Chipman, Hugh A. and George, Edward I. and McCulloch, Robert E.},
	Journal = {The Annals of Applied Statistics},
	Number = {1},
	Pages = {266--298},
	Publisher = {Institute of Mathematical Statistics},
	Title = {BART: Bayesian additive regression trees},
	Volume = {4},
	Year = {2010}}

@book{burnham_2002,
	Author = {Burnham, Kenneth P and Anderson, David R},
	Publisher = {Springer},
	Title = {Model selection and multimodel inference: a practical information-theoretic approach},
	Year = {2002}}

@misc{economist_2014,
	Author = {Ed Yong},
	Publisher = {London: Economist Magazine},
	Title = {Why Have Female Hurricanes Killed More People Than Male Ones?},
	Url = {http://www.economist.com/news/science-and-technology/21603243-hurricanes-womens-names-seem-kill-more-do-those-mens-deadlier},
	Year = {2014},
	Bdsk-Url-1 = {http://www.economist.com/news/science-and-technology/21603243-hurricanes-womens-names-seem-kill-more-do-those-mens-deadlier}}

@misc{ng_2014,
	Author = {Unit, Economist Intelligence},
	Title = {Hurricanes: Deadlier than the male},
	Url = {http://phenomena.nationalgeographic.com/2014/06/02/why-have-female-hurricanes-killed-more-people-than-male-ones/},
	Year = {2014},
	Bdsk-Url-1 = {http://phenomena.nationalgeographic.com/2014/06/02/why-have-female-hurricanes-killed-more-people-than-male-ones/}}

@online{twitter,
	Author = {{Twitter}},
	Title = {{Twitter post}},
	Url = {https://twitter.com/nsj/statuses/473597691281551360},
	Urldate = {2010-09-30},
	Year = 2014,
	Bdsk-Url-1 = {https://twitter.com/nsj/statuses/473597691281551360}}

@online{hurricanes_2014a,
	Author = {{National Hurricane Center}},
	Title = {{National Hurricane Center}},
	Url = {http://www.nhc.noaa.gov/aboutnames_history.shtml},
	Urldate = {2010-09-30},
	Year = 2014,
	Bdsk-Url-1 = {http://www.nhc.noaa.gov/aboutnames_history.shtml}}

@book{agresti_2014,
	Author = {Agresti, Alan},
	Publisher = {John Wiley \& Sons},
	Title = {Categorical data analysis},
	Year = {2014}}

@inproceedings{jebara_2013,
	Author = {Choromanski, Krzysztof M and Jebara, Tony and Tang, Kui},
	Booktitle = {Advances in Neural Information Processing Systems},
	Pages = {3192--3200},
	Title = {Adaptive Anonymity via $ b $-Matching},
	Year = {2013}}

@inproceedings{steorts_2014_hash,
	Author = {Steorts, Rebecca C and Ventura, Samuel L and Sadinle, Mauricio and Fienberg, Stephen E},
	Booktitle = {Privacy and Statistical Databases (To Appear)},
	Title = {A Comparison of Blocking Methods for Record Linkage},
	Url = {http://arxiv.org/abs/1407.3191},
	Year = {2014},
	Bdsk-Url-1 = {http://arxiv.org/abs/1407.3191}}

@book{carlin_2000,
	Author = {Carlin, Bradley P. and Louis, Thomas A.},
	Publisher = {Chapman \& Hall/CRC},
	Title = {Bayes and Empirical {B}ayes Methods for Data Analysis (2nd ed.)},
	Year = {2000}}

@inproceedings{robbins_1956,
	Author = {Robbins, Herbert},
	Booktitle = {Proceedings of the Third Berkeley Symposium on Mathematical Statistics and Probability, Volume~1: Contributions to the Theorem of Statistics},
	Organization = {MR},
	Pages = {157--163},
	Title = {An empirical {B}ayes approach to statistics},
	Year = {1956}}

@inproceedings{getoor_2006,
	Author = {Bhattacharya, Indrajit and Getoor, Lise},
	Booktitle = {SDM},
	Number = {7},
	Organization = {SIAM},
	Pages = {59},
	Title = {A Latent Dirichlet Model for Unsupervised Entity Resolution.},
	Volume = {5},
	Year = {2006}}

@incollection{dai_2011,
	Author = {Dai, Andrew M and Storkey, Amos J},
	Booktitle = {Artificial Neural Networks and Machine Learning--ICANN 2011},
	Pages = {241--249},
	Publisher = {Springer},
	Title = {The grouped author-topic model for unsupervised entity resolution},
	Year = {2011}}

@article{sadinle_2014,
	Author = {Sadinle, Mauricio},
	Journal = {arXiv preprint arXiv:1407.8219},
	Title = {Detecting Duplicates in a Homicide Registry Using a Bayesian Partitioning Approach},
	Year = {2014}}

@phdthesis{matsakis_10,
	Author = {Nicholas Elias Matsakis},
	School = {Massachusetts Institute of Technology},
	Title = {{Active Duplicate Detection with Bayesian Nonparametric Models}},
	Year = {2010}}

@article{fortini_2001,
	Author = {Fortini, Marco and Liseo, Brunero and Nuccitelli, Alessandra and Scanu, Mauro},
	Journal = {Research in Official Statistics},
	Number = {1},
	Pages = {185--198},
	Title = {On Bayesian record linkage},
	Volume = {4},
	Year = {2001}}

@article{jaro_1989,
	Author = {Jaro, Matthew A},
	Journal = {Journal of the American Statistical Association},
	Number = {406},
	Pages = {414--420},
	Publisher = {Taylor \& Francis},
	Title = {Advances in record-linkage methodology as applied to matching the 1985 census of Tampa, Florida},
	Volume = {84},
	Year = {1989}}

@inproceedings{winkler_1999,
	Author = {Winkler, William E},
	Booktitle = {Statistical Research Division, US Census Bureau},
	Organization = {Citeseer},
	Title = {The state of record linkage and current research problems},
	Year = {1999}}

@book{newcombe_1988,
	Author = {Newcombe, Howard B},
	Publisher = {Oxford University Press, Inc.},
	Title = {Handbook of record linkage: methods for health and statistical studies, administration, and business},
	Year = {1988}}

@article{newcombe_1959,
	Author = {Newcombe, Howard B and Kennedy, James M and Axford, SJ and James, Allison P},
	Journal = {Science},
	Number = {3381},
	Pages = {954--959},
	Publisher = {American Association for the Advancement of Science},
	Title = {Automatic Linkage of Vital Records Computers can be used to extract" follow-up" statistics of families from files of routine records},
	Volume = {130},
	Year = {1959}}

@inproceedings{christen_2008,
	Author = {Christen, Peter},
	Booktitle = {Proceedings of the second Australasian workshop on Health data and knowledge management-Volume 80},
	Organization = {Australian Computer Society, Inc.},
	Pages = {17--25},
	Title = {Febrl: a freely available record linkage system with a graphical user interface},
	Year = {2008}}

@article{jung_2014,
	Author = {Jung, Kiju and Shavitt, Sharon and Viswanathan, Madhu and Hilbe, Joseph M},
	Journal = {Proceedings of the National Academy of Sciences},
	Pages = {201402786},
	Publisher = {National Academy of Sciences},
	Title = {Female hurricanes are deadlier than male hurricanes},
	Year = {2014}}

@article{zhu_2012,
	Author = {Zhu, Jun and Chen, Ning and Xing, Eric P},
	Journal = {arXiv preprint arXiv:1210.1766},
	Title = {Bayesian Inference with Posterior Regularization and Infinite Latent SVMs},
	Year = {2012}}

@article{lai_2011,
	Author = {Lai, Ronald and D'Amour, Alexander and Yu, Amy and Sun, Ye and Torvik, Vetle and Fleming, Lee},
	Journal = {Harvard Institute for Quantitative Social Science, Cambridge, MA},
	Title = {Disambiguation and co-authorship networks of the US Patent Inventor Database},
	Volume = {2138},
	Year = {2011}}

@inproceedings{steorts_2014_eb,
	Author = {Steorts, Rebecca},
	Pages = {Submitted},
	Title = {Empirical Bayesian Graphical Entity Resolution},
	Year = {2014}}

@article{goldenberg_2010,
	Author = {Goldenberg, Anna and Zheng, Alice X and Fienberg, Stephen E and Airoldi, Edoardo M},
	Journal = {Foundations and Trends{\textregistered} in Machine Learning},
	Number = {2},
	Pages = {129--233},
	Publisher = {Now Publishers Inc.},
	Title = {A survey of statistical network models},
	Volume = {2},
	Year = {2010}}

@inproceedings{christen_2009,
	Author = {Christen, Peter and Gayler, Ross and Hawking, David},
	Booktitle = {Proceedings of the 18th ACM conference on Information and knowledge management},
	Organization = {ACM},
	Pages = {1565--1568},
	Title = {Similarity-aware indexing for real-time entity resolution},
	Year = {2009}}

@inproceedings{WYP:2010,
	Author = {W.E. Winkler and W.E. Yancey and E.H. Porter},
	Booktitle = {Proceedings of American Statistical Association Section on Survey Research Methods},
	Date-Added = {2014-05-16 14:56:15 +0000},
	Date-Modified = {2014-05-16 14:58:20 +0000},
	Title = {Fast Record Linkage of Very Large Files in Support of Decennial and Administrative Records Projects},
	Year = {2010}}

@article{Herzog:2010,
	Author = {Herzog, T.N. and Scheuren, F.J. and Winkler, W.E.},
	Date-Added = {2014-05-16 14:52:18 +0000},
	Date-Modified = {2014-05-16 14:55:13 +0000},
	Journal = {Wiley Interdisciplinary Reviews: Computational Statistics},
	Pages = {DOI: 10.1002/wics.108},
	Title = {Record Linkage},
	Volume = {2},
	Year = {2010}}

@article{BMCRF:2003,
	Author = {M. Bilenko and R. Mooney and W.W. Cohen and P. Ravikumar and S.E. Fienberg},
	Date-Added = {2014-05-16 14:49:37 +0000},
	Date-Modified = {2014-05-16 14:55:52 +0000},
	Journal = {IEEE Intelligent Systems},
	Number = {5},
	Pages = {16--23},
	Title = {Adaptive Name-Matching in Information Integration},
	Volume = {18},
	Year = {2003}}

@article{Ugarte2014,
	Author = {Ugarte, Maria Dolores, and Adin, Aritz, and Goicoa, Tom\'as and Militino, Ana F.},
	Journal = {Statistical Methods in Medical Research},
	Pages = {DOI: 10.1177/0962280214527528},
	Title = {On fitting spatio-temporal disease mapping models using approximate Bayesian inference},
	Year = {2014}}

@article{militino_2012,
	Author = {Militino, Ana F., and Goicoa, Tom\'as and Ugarte, Maria Dolores},
	Journal = {Computational Statistics and Data Analysis},
	Pages = {3616- 3629},
	Title = {Estimating the percentage of food expenditure in small areas using bias-corrected P-spline based estimators},
	Volume = {53},
	Year = {2012}}

@inproceedings{steorts_2014_louis,
	Author = {Steorts, R. and Louis, T.},
	Organization = {In preparation},
	Title = {Conformability for Bayesian Estimates},
	Year = {2014}}

@inproceedings{hernandez_1995,
	Author = {Hern{\'a}ndez, Mauricio A and Stolfo, Salvatore J},
	Booktitle = {ACM SIGMOD Record},
	Number = {2},
	Organization = {ACM},
	Pages = {127--138},
	Title = {The merge/purge problem for large databases},
	Volume = {24},
	Year = {1995}}

@inproceedings{mccallum_2000,
	Author = {McCallum, Andrew and Nigam, Kamal and Ungar, Lyle H},
	Booktitle = {Proceedings of the sixth {ACM SIGKDD} international conference on Knowledge discovery and data mining},
	Organization = {ACM},
	Pages = {169--178},
	Title = {Efficient clustering of high-dimensional data sets with application to reference matching},
	Year = {2000}}

@article{sadinle_2014,
	Author = {Sadinle, M.},
	Booktitle = {Submitted},
	Title = {Detecting Duplicates in a Homicide Registry Using a Bayesian Partitioning Approach},
	Year = {2014}}

@book{lewis_1997,
	Author = {Lewis, Harry R and Papadimitriou, Christos H},
	Publisher = {Prentice Hall PTR},
	Title = {Elements of the Theory of Computation},
	Year = {1997}}

@article{kullback_1951,
	Author = {Kullback, Solomon and Leibler, Richard A},
	Journal = {The Annals of Mathematical Statistics},
	Pages = {79--86},
	Publisher = {JSTOR},
	Title = {On information and sufficiency},
	Year = {1951}}

@article{pasula_2003,
	Author = {Pasula, Hanna and Marthi, Bhaskara and Milch, Brian and Russell, Stuart and Shpitser, Ilya},
	Journal = {Advances in neural information processing systems},
	Pages = {1425--1432},
	Publisher = {MIT; 1998},
	Title = {Identity uncertainty and citation matching},
	Year = {2003}}

@article{ban_2005,
	Author = {Banerjee, Arindam and Merugu, Srujana and Dhillon, Inderjit and Ghosh, Joydeep},
	Editor = {John Lefferty},
	Journal = {Journal of Machine Learning Research},
	Pages = {1705--1749},
	Title = {Clustering with Bregman Divergences},
	Volume = {6},
	Year = {2005}}

@inproceedings{frigyik_2008,
	Author = {Bela, Frigyik and Srivastave, Santosh and Gupta, Maya},
	Booktitle = {IEEE TRANSACTIONS ON INFORMATION THEORY},
	Pages = {5130--5139},
	Title = {Functional Bregman Divergence and Bayesian Estimation of Distributions},
	Volume = {54},
	Year = {2008}}

@inproceedings{vatsalan_2011,
	Author = {Vatsalan, Dinusha and Christen, Peter and Verykios, Vassilios S},
	Booktitle = {Proceedings of the Ninth Australasian Data Mining Conference-Volume 121},
	Organization = {Australian Computer Society, Inc.},
	Pages = {125--136},
	Title = {An efficient two-party protocol for approximate matching in private record linkage},
	Year = {2011}}

@incollection{vatsalan_2013,
	Author = {Vatsalan, Dinusha and Christen, Peter},
	Booktitle = {Advances in Knowledge Discovery and Data Mining},
	Pages = {341--352},
	Publisher = {Springer},
	Title = {Sorted nearest neighborhood clustering for efficient private blocking},
	Year = {2013}}

@inproceedings{kuzu_2011,
	Author = {Kuzu, Mehmet and Kantarcioglu, Murat and Durham, Elizabeth and Malin, Bradley},
	Booktitle = {Privacy Enhancing Technologies},
	Organization = {Springer},
	Pages = {226--245},
	Title = {A constraint satisfaction cryptanalysis of Bloom filters in private record linkage},
	Year = {2011}}

@inproceedings{karakasidis_2012,
	Author = {Karakasidis, Alexandros and Verykios, Vassilios S},
	Booktitle = {Proceedings of the 27th Annual ACM Symposium on Applied Computing},
	Organization = {ACM},
	Pages = {859--864},
	Title = {Reference table based k-anonymous private blocking},
	Year = {2012}}

@article{singh_1994,
	Author = {Singh, AC and Mantel, HJ and Thomas, BW},
	Journal = {Survey Methodology},
	Number = {1},
	Pages = {33--43},
	Title = {Time series {EBLUP}s for small areas using survey data},
	Volume = {20},
	Year = {1994}}

@article{souza_2009,
	Author = {Souza, Debora F and Moura, Fernando AS and Migon, Helio S},
	Journal = {Catalogue no. 12-001-X},
	Pages = {203},
	Title = {Small area population prediction via hierarchical models},
	Year = {2009}}

@article{pratesi_2008,
	Author = {Pratesi, Monica and Salvati, Nicola},
	Journal = {Statistical methods and applications},
	Number = {1},
	Pages = {113--141},
	Publisher = {Springer},
	Title = {Small area estimation: the EBLUP estimator based on spatially correlated random area effects},
	Volume = {17},
	Year = {2008}}

@article{datta_1999,
	Author = {Datta, Gauri S and Lahiri, Partha and Maiti, Tapabrata and Lu, Kim L},
	Journal = {Journal of the American Statistical Association},
	Number = {448},
	Pages = {1074--1082},
	Publisher = {Taylor \& Francis Group},
	Title = {Hierarchical Bayes estimation of unemployment rates for the states of the US},
	Volume = {94},
	Year = {1999}}

@inproceedings{datta_1996,
	Author = {Datta, GS and Ghosh, M and Nangia, Narinder and Natarajan, K},
	Booktitle = {Bayesian analysis in statistics and econometrics: essays in honor of Arnold Zellner},
	Pages = {129--140},
	Title = {Estimation of median income of four-person families: a Bayesian approach},
	Year = {1996}}

@article{stodden_2013,
	Author = {Stodden, Victoria and Borwein, Jonathan and Bailey, David H},
	Journal = {SIAM News, June},
	Title = {``Setting the Default to Reproducible'' in Computational Science Research},
	Volume = {3},
	Year = {2013}}

@online{molina_2013,
	Author = {Molina, Isabel and Marhuenda, Yolanda},
	Title = {{Package sae}},
	Url = {http://cran.r-project.org/web/packages/sae/sae.pdf},
	Urldate = {2010-09-30},
	Year = 2013,
	Bdsk-Url-1 = {http://cran.r-project.org/web/packages/sae/sae.pdf}}

@article{berend_2014,
	Author = {Berend, Daniel and Harremoes, Peter and Kontorovich, Aryeh},
	Publisher = {IEEE},
	Title = {Minimum {KL}-divergence on complements of $ L\_1 $ balls},
	Year = {2014}}

@article{louis_2014,
	Author = {Steorts, Rebecca and Louis, T.A.},
	Date-Added = {2010-04-22 16:04:05 -0400},
	Date-Modified = {2010-04-22 16:04:05 -0400},
	Journal = {In Preparation},
	Title = {Constrained Bayesian Benchmarking},
	Year = {2014}}

@artile{pfeffermann_2014,
	Author = {Pfeffermann, Danny and Sikov, Anna and Tiller, Richard},
	Journal = {TEST},
	Title = {SINGLE AND TWO-STAGE CROSS-SECTIONAL AND TIME SERIES BENCHMARKING PROCEDURES FOR SMALL AREA ESTIMATION},
	Year = {2014}}

@article{hall2011_random,
	Author = {Hall, Rob and Rinaldo, Alessandro and Wasserman, Larry},
	Journal = {arXiv preprint arXiv:1112.2680},
	Title = {Random differential privacy},
	Year = {2011}}

@article{hall_2011,
	Author = {Hall, Rob and Fienberg, Stephen E and Nardi, Yuval},
	Journal = {Journal of Official Statistics},
	Number = {4},
	Pages = {669},
	Title = {Secure multiple linear regression based on homomorphic encryption},
	Volume = {27},
	Year = {2011}}

@book{Davison-Hinkley-bootstrap,
	Address = {Cambridge, England},
	Author = {A. C. Davison and D. V. Hinkley},
	Publisher = {Cambridge University Press},
	Title = {Bootstrap Methods and their Applications},
	Year = 1997}

@inproceedings{price_2013,
	Author = {Price, M. and Klinger, J. and Qtiesh, A. and Ball, P.},
	Organization = {Human Rights Data Analysis Group, commissioned by the United Nations Office of the High Commissioner for Human Rights (OHCHR)},
	Title = {Full updated statistical analysis of documentation of killing in the {S}yrian {A}rab {R}epulic},
	Year = {2013}}

@phdthesis{durham_2012,
	Author = {Durham, Elizabeth Ashley},
	School = {Vanderbilt University},
	Title = {A framework for accurate, efficient private record linkage},
	Year = {2012}}

@inproceedings{hall_2011,
	Author = {Hall, Rob and Fienberg, Stephen E},
	Booktitle = {Privacy in statistical databases},
	Organization = {Springer},
	Pages = {269--283},
	Title = {Privacy-preserving record linkage},
	Year = {2011}}

@article{pauleve_2010,
	Author = {Paulev{\'e}, Lo{\"\i}c and J{\'e}gou, Herv{\'e} and Amsaleg, Laurent},
	Journal = {Pattern Recognition Letters},
	Number = {11},
	Pages = {1348--1358},
	Publisher = {Elsevier},
	Title = {Locality sensitive hashing: A comparison of hash function types and querying mechanisms},
	Volume = {31},
	Year = {2010}}

@article{steorts_2014_spatial,
	Author = {Steorts, R. and Shalizi, C.},
	Journal = {In preparation},
	Title = {{Spatial Smoothing and Clustering for Small Area Estimation }},
	Year = {2014}}

@article{wehbe_2014,
	Author = {Wehbe, L. and Ramdas, A. and Steorts, R. and Shalizi, C.},
	Journal = {Submitted},
	Title = {{Regularized Brain Reading with Shrinkage and Smoothing }},
	Year = {2014}}

@article{ventura_2014,
	Author = {Ventura, Samuel and Steorts, Rebecca and Nugent, Rebecca and Furnish, Emily},
	Journal = {In preparation},
	Title = {Computationally Tractable Clustering Methods for Large-Scale Record Linkage},
	Year = {2014}}

@article{kass_1996,
	Author = {Kass, Robert E and Wasserman, Larry},
	Journal = {Journal of the American Statistical Association},
	Number = {435},
	Pages = {1343--1370},
	Publisher = {Taylor \& Francis Group},
	Title = {The selection of prior distributions by formal rules},
	Volume = {91},
	Year = {1996}}

@article{lai_2011,
	Author = {Lai, Ronald and D'Amour, Alexander and Yu, Amy and Sun, Ye and Torvik, Vetle and Fleming, Lee},
	Journal = {Harvard Institute for Quantitative Social Science, Cambridge, MA},
	Title = {Disambiguation and co-authorship networks of the US Patent Inventor Database},
	Volume = {2138},
	Year = {2011}}

@article{carayol_2009,
	Author = {Carayol, Nicolas and Cassi, Lorenzo},
	Journal = {Cahiers du GREThA},
	Pages = {2009--07},
	Publisher = {Groupe de Recherche en Economie Th{\'e}orique et Appliqu{\'e}e},
	Title = {Who's Who in Patents. A Bayesian approach},
	Volume = {7},
	Year = {2009}}

@inproceedings{christen_2014,
	Address = {New York, NY},
	Author = {Liang, Huizhi and Wang, Yanzhe and Christen, Peter and Gayler, Ross},
	Booktitle = {Eighteenth Pacific-Asia Conference on Knowledge Discovery and Data Mining (PAKDD14)},
	Editor = {Zhou, Zhi-Hua and Chen, Arbee L. P. and Tseng, Vincent S. and Tu, Bao Ho},
	Pages = {forthcoming},
	Publisher = {Springer},
	Title = {Noise-Tolerant Approximate Blocking for Dynamic Real-time Entity Resolution},
	Year = {2014}}

@article{clauset_2004,
	Author = {Clauset, Aaron and Newman, Mark EJ and Moore, Cristopher},
	Journal = {Physical review E},
	Number = {6},
	Pages = {066111},
	Publisher = {APS},
	Title = {Finding community structure in very large networks},
	Volume = {70},
	Year = {2004}}

@article{fortunato_2010,
	Author = {Fortunato, Santo},
	Journal = {Physics Reports},
	Number = {3},
	Pages = {75--174},
	Publisher = {Elsevier},
	Title = {Community detection in graphs},
	Volume = {486},
	Year = {2010}}

@inproceedings{winkler_2006,
	Author = {Winkler, William E},
	Booktitle = {Bureau of the Census},
	Organization = {Citeseer},
	Title = {Overview of record linkage and current research directions},
	Year = {2006}}

@manual{R_2013,
	Address = {Vienna, Austria},
	Author = {{R Core Team}},
	Organization = {R Foundation for Statistical Computing},
	Title = {R: A Language and Environment for Statistical Computing},
	Url = {http://www.R-project.org/},
	Year = {2013},
	Bdsk-Url-1 = {http://www.R-project.org/}}

@manual{borg_2012,
	Author = {Andreas Borg and Murat Sariyar},
	Note = {R package version 0.4-1},
	Title = {RecordLinkage: Record Linkage in R},
	Url = {http://CRAN.R-project.org/package=RecordLinkage},
	Year = {2012},
	Bdsk-Url-1 = {http://CRAN.R-project.org/package=RecordLinkage}}

@article{kleiner_2011,
	Author = {Kleiner, Ariel and Talwalkar, Ameet and Sarkar, Purnamrita and Jordan, Michael I},
	Journal = {arXiv preprint arXiv:1112.5016},
	Title = {A scalable bootstrap for massive data},
	Year = {2011}}

@inproceedings{al_2005,
	Author = {Al-Lawati, Ali and Lee, Dongwon and McDaniel, Patrick},
	Booktitle = {Proceedings of the 2nd international workshop on Information quality in information systems},
	Organization = {ACM},
	Pages = {59--68},
	Title = {Blocking-aware private record linkage},
	Year = {2005}}

@article{sarma_2011,
	Author = {Sarma, Anish Das and Jain, Ankur and Machanavajjhala, Ashwin and Bohannon, Philip},
	Journal = {arXiv preprint arXiv:1111.3689},
	Title = {CBLOCK: An Automatic Blocking Mechanism for Large-Scale De-duplication Tasks},
	Year = {2011}}

@article{breiman_2001,
	Author = {Breiman, Leo},
	Journal = {Machine learning},
	Number = {1},
	Pages = {5--32},
	Publisher = {Springer},
	Title = {Random forests},
	Volume = {45},
	Year = {2001}}

@article{christen_2012b,
	Author = {Christen, Peter},
	Journal = {Knowledge and Data Engineering, IEEE Transactions on},
	Number = {9},
	Pages = {1537--1555},
	Publisher = {IEEE},
	Title = {A survey of indexing techniques for scalable record linkage and deduplication},
	Volume = {24},
	Year = {2012}}

@inproceedings{gan_2012,
	Author = {Gan, Junhao and Feng, Jianlin and Fang, Qiong and Ng, Wilfred},
	Booktitle = {Proceedings of the 2012 ACM SIGMOD International Conference on Management of Data},
	Organization = {ACM},
	Pages = {541--552},
	Title = {Locality-sensitive hashing scheme based on dynamic collision counting},
	Year = {2012}}

@inproceedings{das_2012,
	Author = {Das Sarma, Anish and Jain, Ankur and Machanavajjhala, Ashwin and Bohannon, Philip},
	Booktitle = {Proceedings of the 21st ACM international conference on Information and knowledge management},
	Organization = {ACM},
	Pages = {1055--1064},
	Title = {An automatic blocking mechanism for large-scale de-duplication tasks},
	Year = {2012}}

@book{rajaraman_2012,
	Author = {Rajaraman, Anand and Ullman, Jeffrey David},
	Publisher = {Cambridge University Press},
	Title = {Mining of massive datasets},
	Year = {2012}}

@article{tantrum_2004,
	Author = {Tantrum, Jeremy and Murua, Alejandro and Stuetzle, Werner},
	Journal = {Information Systems},
	Number = {4},
	Pages = {315--326},
	Publisher = {Elsevier},
	Title = {Hierarchical model-based clustering of large datasets through fractionation and refractionation},
	Volume = {29},
	Year = {2004}}

@inproceedings{cutting_1992,
	Author = {Cutting, Douglass R and Karger, David R and Pedersen, Jan O and Tukey, John W},
	Booktitle = {Proceedings of the 15th annual international ACM SIGIR conference on Research and development in information retrieval},
	Organization = {ACM},
	Pages = {318--329},
	Title = {Scatter/gather: A cluster-based approach to browsing large document collections},
	Year = {1992}}

@phdthesis{ventura_2013,
	Address = {Pittsburgh, PA},
	Author = {Ventura, Sam},
	School = {CMU},
	Title = {Large-Scale Clustering Methods with Applications to Record Linkage},
	Type = {{PhD} Thesis Proposal},
	Year = {2013}}

@article{pfeffermann_2013,
	Author = {Pfeffermann, Danny},
	Journal = {Statistical Science},
	Number = {1},
	Pages = {40--68},
	Publisher = {Institute of Mathematical Statistics},
	Title = {New important developments in small area estimation},
	Volume = {28},
	Year = {2013}}

@article{wainwright_2008,
	Author = {Wainwright, Martin J and Jordan, Michael I},
	Journal = {Foundations and Trends in Machine Learning},
	Number = {1-2},
	Pages = {1--305},
	Publisher = {Now Publishers Inc.},
	Title = {Graphical models, exponential families, and variational inference},
	Volume = {1},
	Year = {2008}}

@article{quantin_1998,
	Author = {Quantin, C and Bouzelat, H and Allaert, FA and Benhamiche, AM and Faivre, J and Dusserre, L},
	Journal = {Methods of information in medicine},
	Number = {3},
	Pages = {271--277},
	Publisher = {Schattauer},
	Title = {Automatic record hash coding and linkage for epidemiological follow-up data confidentiality},
	Volume = {37},
	Year = {1998}}

@inproceedings{kim_2010,
	Author = {Kim, Hung-sik and Lee, Dongwon},
	Booktitle = {Proceedings of the 13th International Conference on Extending Database Technology},
	Organization = {ACM},
	Pages = {525--536},
	Title = {HARRA: fast iterative hashed record linkage for large-scale data collections},
	Year = {2010}}

@inproceedings{inan_2010,
	Author = {Inan, Ali and Kantarcioglu, Murat and Ghinita, Gabriel and Bertino, Elisa},
	Booktitle = {Proceedings of the 13th International Conference on Extending Database Technology},
	Organization = {ACM},
	Pages = {123--134},
	Title = {Private record matching using differential privacy},
	Year = {2010}}

@inproceedings{gionis_1999,
	Author = {Gionis, Aristides and Indyk, Piotr and Motwani, Rajeev and others},
	Booktitle = {VLDB},
	Pages = {518--529},
	Title = {Similarity search in high dimensions via hashing},
	Volume = {99},
	Year = {1999}}

@article{torvik_2009,
	Author = {Torvik, Vetle I and Smalheiser, Neil R},
	Journal = {ACM Transactions on Knowledge Discovery from Data (TKDD)},
	Number = {3},
	Pages = {11},
	Publisher = {ACM},
	Title = {Author name disambiguation in MEDLINE},
	Volume = {3},
	Year = {2009}}

@inproceedings{giles_2009,
	Author = {Treeratpituk, Pucktada and Giles, C Lee},
	Booktitle = {Proceedings of the 9th ACM/IEEE-CS joint conference on Digital libraries},
	Organization = {ACM},
	Pages = {39--48},
	Title = {Disambiguating authors in academic publications using random forests},
	Year = {2009}}

@inproceedings{han_2004,
	Author = {Han, Hui and Giles, Lee and Zha, Hongyuan and Li, Cheng and Tsioutsiouliklis, Kostas},
	Booktitle = {Digital Libraries, 2004. Proceedings of the 2004 Joint ACM/IEEE Conference on},
	Organization = {IEEE},
	Pages = {296--305},
	Title = {Two supervised learning approaches for name disambiguation in author citations},
	Year = {2004}}

@techreport{winkler_2002,
	Author = {Winkler, William E},
	Institution = {Technical report, Statistical Research Division, US Census Bureau, Washington, DC},
	Title = {Methods for record linkage and {B}ayesian networks},
	Year = {2002}}

@inproceedings{christen_2006,
	Author = {Christen, Peter},
	Booktitle = {Data Mining Workshops, 2006. ICDM Workshops 2006. Sixth IEEE International Conference on},
	Organization = {IEEE},
	Pages = {497--501},
	Title = {Privacy-preserving data linkage and geocoding: Current approaches and research directions},
	Year = {2006}}

@article{steorts_2014_aistats,
	Author = {Steorts, R. C. and Hall, Rob and Fienberg, S.E.},
	Journal = {In Revision},
	Title = {A {B}ayesian Approach to Graphical Record Linkage and De-duplication},
	Url = {http://arxiv.org/abs/1312.4645},
	Year = {2014},
	Bdsk-Url-1 = {http://arxiv.org/abs/1312.4645}}

@article{steorts_2013b,
	Author = {Steorts, R. C. and Hall, Rob and Fienberg, S.E.},
	Journal = {JMLR W\&CP},
	Pages = {922-930},
	Title = {SMERED: A {B}ayesian Approach to Graphical Record Linkage and De-duplication},
	Url = {http://arxiv.org/abs/1403.0211},
	Volume = {33},
	Year = {2014},
	Bdsk-Url-1 = {http://arxiv.org/abs/1403.0211}}

@article{ventura_2012,
	Author = {Ventura, Samuel L and Nugent, Rebecca and Fuchs, Erica},
	Journal = {SSRN eLibrary},
	Title = {Methods matter: Revamping inventor disambiguation algorithms with classification models and labeled inventor records},
	Year = {2012}}

@article{reiter_2007,
	Author = {Reiter, Jerome P and Raghunathan, Trivellore E},
	Journal = {Journal of the American Statistical Association},
	Number = {480},
	Pages = {1462--1471},
	Publisher = {Taylor \& Francis},
	Title = {The multiple adaptations of multiple imputation},
	Volume = {102},
	Year = {2007}}

@article{ashburner2008spm8,
	Author = {Ashburner, J. and Chen, CC and Flandin, G. and Henson, R. and Kiebel, S. and Kilner, J. and Litvak, V. and Moran, R. and Penny, W. and Stephan, K. and others},
	Journal = {Functional Imaging Laboratory, Institute of Neurology},
	Title = {SPM8 manual},
	Year = {2008}}

@book{gelman_2003,
	Address = {London},
	Author = {Andrew Gelman and John B. Carlin and Hal S. Stern and Donald B. Rubin},
	Edition = {Second},
	Publisher = {CRC Press},
	Title = {{Bayesian} Data Analysis},
	Year = 2003}

@book{hastie_2001,
	Address = {New York},
	Author = {Trevor Hastie and Robert Tibshirani and Jerome Friedman},
	Publisher = {Springer},
	Title = {The Elements of Statistical Learning: Data Mining, Inference, and Prediction},
	Year = {2001}}

@article{norman_2006,
	Author = {Kenneth A. Norman and Sean M. Polyn and Greg J. Detre and James V. Haxby},
	Doi = {10.1016/j.tics.2006.07.005},
	Journal = {Trends in Cognitive Sciences},
	Pages = {424--430},
	Title = {Beyond mind-reading: multi-voxel pattern analysis of {fMRI} data},
	Volume = 10,
	Year = 2006,
	Bdsk-Url-1 = {http://dx.doi.org/10.1016/j.tics.2006.07.005}}

@article{pereira_2009,
	Author = {Francisco Pereira and Tom Mitchell and Matthew Botvinick},
	Doi = {10.1016/j.neuroimage.2008.11.007},
	Journal = {NeuroImage},
	Pages = {S199--S209},
	Title = {Machine learning classifiers and {fMRI}: {A} tutorial overview},
	Volume = 45,
	Year = 2009,
	Bdsk-Url-1 = {http://dx.doi.org/10.1016/j.neuroimage.2008.11.007}}

@article{yarkoni_2011,
	Author = {Tal Yarkoni and Russell A. Poldrack and Thomas E. Nichols and Van Essen, David C. and Tor D. Wager},
	Doi = {10.1038/nmeth.1635},
	Journal = {Nature Methods},
	Pages = {665--670},
	Title = {Large-scale automated synthesis of human functional neuroimaging data},
	Volume = 8,
	Year = 2011,
	Bdsk-Url-1 = {http://dx.doi.org/10.1038/nmeth.1635}}

@article{poldrack_2008,
	Author = {Russell A. Poldrack},
	Doi = {10.1016/j.conb.2008.07.006},
	Journal = {Current Opinion in Neurobiology},
	Pages = {223--227},
	Title = {The role of {fMRI} in Cognitive Neuroscience: where do we stand?},
	Volume = 18,
	Year = 2008,
	Bdsk-Url-1 = {http://dx.doi.org/10.1016/j.conb.2008.07.006}}

@book{bilenko_2006,
	Author = {Bilenko, Mikhail Yuryevich},
	Number = {12},
	Title = {Learnable similarity functions and their application to record linkage and clustering},
	Volume = {67},
	Year = {2006}}

@book{ashby_2011,
	Address = {Cambridge, Massachusetts},
	Author = {F. Gregory Ashby},
	Publisher = {MIT Press},
	Title = {Statistical Analysis of {fMRI} Data},
	Year = {2011}}

@book{gigerenzer_1989,
	Address = {Cambridge, England},
	Author = {Gerd Gigerenzer and Zeno Swijtink and Theodore Porter and Lorraine Daston and John Beatty and Lorenz Kruger},
	Publisher = {Cambridge University Press},
	Title = {The Empire of Chance: How Probability Changed Science and Everyday Life},
	Year = {1989}}

@misc{lee_2011,
	Author = {Lee, Kuo-Jung and Jones, Galin L. and Caffo, Brian S. and Bassett, Susan Spear},
	Howpublishedl = {Preprint},
	Title = {Spatial Bayesian Variable Selection Models on Functional Magnetic Resonance Imaging Time-Series Data},
	Year = {2011}}

@incollection{pillow_2013,
	Author = {Park, Mijung and Koyejo, Oluwasanmi and Ghosh, Joydeep and Poldrack, Russell A and Pillow, Jonathan W},
	Booktitle = {16th International Conference on Artificial Intelligence and Statistics},
	Editor = {Carlos M. Carlvaho and Pradeep Ravikumar},
	Pages = {489--497},
	Title = {Bayesian Structure Learning for Functional Neuroimaging},
	Year = {2013}}

@article{genovese_2000,
	Author = {Genovese, Christopher R},
	Journal = {JASA},
	Pages = {691--703},
	Publisher = {Taylor \& Francis Group},
	Title = {A {Bayesian} time-course model for functional magnetic resonance imaging data},
	Volume = {95},
	Year = {2000}}

@misc{lee_2013,
	Author = {Lee, K.-J. and Jones, G. L. and Caffo, B. S. and Bassett, S.},
	Journal = {Bayesian Analysis},
	Publisher = {International Society for Bayesian Analysis},
	Title = {Spatial {B}ayesian selection models on functional magnetic resonance imaging time series data},
	Year = {2013}}

@article{kyung_2010,
	Author = {Kyung, Minjung and Gill, Jeff and Ghosh, Malay and Casella, George},
	Journal = {Bayesian Analysis},
	Pages = {369--411},
	Publisher = {International Society for Bayesian Analysis},
	Title = {Penalized regression, standard errors, and Bayesian lassos},
	Volume = {5},
	Year = {2010}}

@article{hoerl_1970,
	Author = {Hoerl, Arthur E and Kennard, Robert W},
	Journal = {Technometrics},
	Pages = {55--67},
	Publisher = {Taylor \& Francis Group},
	Title = {Ridge regression: Biased estimation for nonorthogonal problems},
	Volume = {12},
	Year = {1970}}

@article{tibshirani_1996,
	Author = {Tibshirani, Robert},
	Journal = {Journal of the Royal Statistical Society. Series B (Methodological)},
	Pages = {267--288},
	Title = {Regression shrinkage and selection via the lasso},
	Volume = {58},
	Year = {1996}}

@article{zou_2005,
	Author = {Zou, Hui and Hastie, Trevor},
	Journal = {JRSSB (Statistical Methodology)},
	Pages = {301--320},
	Publisher = {Wiley Online Library},
	Title = {Regularization and variable selection via the elastic net},
	Volume = {67},
	Year = {2005}}

@book{shepherd_1994,
	Author = {Shepherd, Gordon M},
	Edition = {3},
	Publisher = {Oxford University Press},
	Title = {Neurobiology},
	Year = {1994}}

@article{fleming_2007,
	Author = {Fleming, Lee and King, {III}, Charles and Juda, Adam},
	Journal = {Organization Science},
	Pages = {938--954},
	Publisher = {INFORMS},
	Title = {Small worlds and regional innovation},
	Volume = {18},
	Year = {2007}}

@article{belin_1995,
	Author = {Belin, Thomas R and Rubin, Donald B},
	Journal = {Journal of the American Statistical Association},
	Number = {430},
	Pages = {694--707},
	Publisher = {Taylor \& Francis},
	Title = {A method for calibrating false-match rates in record linkage},
	Volume = {90},
	Year = {1995}}

@article{larsen_2001,
	Author = {Larsen, Michael D and Rubin, Donald B},
	Journal = {Journal of the American Statistical Association},
	Number = {453},
	Pages = {32--41},
	Publisher = {Taylor \& Francis},
	Title = {Iterative automated record linkage using mixture models},
	Volume = {96},
	Year = {2001}}

@inproceedings{domingos_2004,
	Author = {Domingos, Parag and Domingos, Pedro},
	Booktitle = {Proceedings of the KDD-2004 Workshop on Multi-Relational Data Mining},
	Organization = {ACM},
	Title = {Multi-relational record linkage},
	Year = {2004}}

@article{copas_1990,
	Author = {Copas, J. and Hilton, {F.J.}},
	Journal = {Journal of the Royal Statistical Society, Series A},
	Number = {3},
	Pages = {287-320},
	Title = {Record Linkage: Statistical Models for Matching Computer Records},
	Volume = {153},
	Year = {1990}}

@article{gutman_2013,
	Author = {Gutman, R. and Afendulis, C. and Zaslavsky, A.},
	Journal = {Journal of the American Statistical Association},
	Number = {501},
	Pages = {34-47},
	Title = {A {B}ayesian Procedure for File Linking to Analyze End- of-Life Medical Costs},
	Volume = {108},
	Year = {2013}}

@article{everson_2000,
	Author = {Everson, P. and Morris, C.},
	Journal = {Journal of the Royal Statistical Society, Series B},
	Pages = {399-412},
	Title = {Inference of multivariate normal hierarchical models},
	Volume = {62},
	Year = {2000}}

@article{cowles_1996,
	Author = {Cowles, M. and Carlin, B.},
	Journal = {Journal of the American Statistical Association},
	Number = {434},
	Pages = {883-904},
	Title = {Markov chain {M}onte {C}arlo Convergence Diagnostics: A Comparative Review},
	Volume = {91},
	Year = {1996}}

@article{datta_1991,
	Author = {Datta, G. and Ghosh, M.},
	Journal = {The Annal of Statistics},
	Number = {4},
	Pages = {1748-1770},
	Title = {Bayesian Prediction in Linear Models: Applications to Small Area Estimation},
	Volume = {19},
	Year = {1991}}

@article{gates_2011,
	Author = {Gates, W.},
	Journal = {Journal of Privacy and Confidentiality},
	Number = {905},
	Pages = {3-40},
	Title = {How Uncertainty about Privacy and Confidentiality Is Hampering Efforts to More Effectively Use Administrative Records in Producing {U.S.} National Statistics},
	Volume = {10},
	Year = {2011}}

@article{wheaton_2009,
	Author = {Wheaton, W. and Cajka, J. and Chasteen, B. and Wagener, D. and Cooley, P. and Ganapathi, L. and Roberts, D. and Allpress, J.},
	Journal = {Methods Rep RTI Press},
	Number = {2},
	Title = {Synthesized Population Databases: A U.S. Geospatial Database for Agent-Based Models},
	Url = {doi: 10.3768/rtipress.2009.mr.0010.0905},
	Volume = {3},
	Year = {2009},
	Bdsk-Url-1 = {doi:%2010.3768/rtipress.2009.mr.0010.0905}}

@article{beckman_1996,
	Author = {Beckman, R. and Baggerly, K. and Mc{K}ay, D.},
	Journal = {Transportation Research Part A: Policy and Practice},
	Number = {6},
	Pages = {415-429},
	Title = {Creating synthetic baseline populations},
	Volume = {30},
	Year = {1996}}

@book{acs_2007,
	Address = {Using the American Community Survey, National Research Council},
	Author = {Using the American Community Survey, National Research Council},
	Date-Added = {2013-05-30 03:49:33 +0000},
	Date-Modified = {2013-05-30 03:51:42 +0000},
	Publisher = {Springer},
	Title = {Using the American Community Survey Ð Benefits and Challenges, Panel on the Functionality and Usability of Data from the American Community Survey},
	Year = {2007}}

@misc{midas_2012,
	Author = {MIDAS},
	Date-Modified = {2013-05-30 04:51:43 +0000},
	Title = {Models of Infectious Disease Agent Study},
	Url = {https://www.epimodels.org/midas/Rpubsyntdata1.do},
	Year = 2012,
	Bdsk-Url-1 = {https://www.epimodels.org/midas/Rpubsyntdata1.do}}

@article{battese_1988,
	Author = {Battese, G. and Harter, R. and Fuller, W.},
	Journal = {Journal of the American Statistical Association},
	Pages = {28-36},
	Title = {An Error-Components Model for Prediction of County Crop Area Using Survey and Satellite Data},
	Volume = {83},
	Year = {1988}}

@article{ghosh_2009,
	Author = {Ghosh, M. and Kim, D. and Sinha, K. and Maiti,T. and Katzoff, M. and Parsons, V.},
	Date-Added = {2010-04-22 16:04:05 -0400},
	Date-Modified = {2010-04-22 16:04:05 -0400},
	Journal = {Survey Methodology},
	Number = {1},
	Pages = {53-66},
	Title = {Hierarchical and empirical {B}ayes small domain estimation of the proportion of persons without health insurance or minority subpopulations},
	Volume = {35},
	Year = {2009}}

@article{ghosh_1998,
	Author = {Ghosh, M. and Natarajan, K. and Stroud, T. and Carlin, B.},
	Date-Added = {2010-04-22 16:04:05 -0400},
	Date-Modified = {2010-04-22 16:04:05 -0400},
	Journal = {Journal of the American Statistical Association},
	Number = {441},
	Pages = {53-66},
	Title = {Generalized Linear Models for Small Area-Estimation},
	Volume = {93},
	Year = {1998}}

@article{isaki_2004,
	Author = {Isaki, C.T. and Tsay, J.H and Fuller, W.A.},
	Date-Added = {2010-04-22 16:04:05 -0400},
	Date-Modified = {2010-04-22 16:04:05 -0400},
	Journal = {Survey Methodology},
	Pages = {35-44},
	Title = {Weighting sample data subject to independent controls},
	Volume = {20},
	Year = {2004}}

@article{liseo_jos_2011,
	Author = {Liseo, B. and Tancredi, A.},
	Date-Added = {2013-05-30 03:56:51 +0000},
	Date-Modified = {2013-05-30 03:58:16 +0000},
	Journal = {Journal of Official Statistics},
	Number = {3},
	Pages = {491--505},
	Title = {Bayesian estimation of population size via linkage of multivariate Normal data sets},
	Volume = {27},
	Year = {2011}}

@article{christen_2012,
	Author = {Peter Christen},
	Journal = {IEEE Transactions on Knowledge and Data Engineering},
	Number = 9,
	Title = {A Survey of Indexing Techniques for Scalable Record Linkage and Deduplication},
	Volume = 24,
	Year = 2012}

@book{Herzog_2007,
	Address = {New York},
	Author = {Herzog, T.N. and Scheuren, F.J. and Winkler, W.E.},
	Date-Added = {2013-05-30 03:49:33 +0000},
	Date-Modified = {2013-05-30 03:51:42 +0000},
	Publisher = {Springer},
	Title = {Data Quality and Record Linkage Techniques},
	Year = {2007}}

@techreport{Winkler_1999,
	Author = {W.E. Winkler},
	Date-Added = {2013-05-30 03:43:45 +0000},
	Date-Modified = {2013-05-31 02:21:07 +0000},
	Institution = {Statistical Research Division, U.S. Bureau of the Census},
	Title = {The state of record linkage and current research problems},
	Type = {Technical Report},
	Year = {1999}}

@article{sadinle_multi_1,
	Author = {Sadinle, M. and Fienberg, S.E.},
	Date-Modified = {2013-05-31 02:24:32 +0000},
	Journal = {Journal of the American Statistical Association},
	Number = {502},
	Pages = {385-397},
	Title = {A Generalized {F}ellegi-{S}unter Framework for Multiple Record Linkage with Application to Homicide Record-Systems},
	Volume = {108},
	Year = {2013}}

@misc{sadinle_multi_2,
	Author = {Sadinle, M. and Hall, R. and Fienberg, S.E.},
	Date-Modified = {2013-05-31 02:24:22 +0000},
	Howpublished = {ISI World Congress, Dublin},
	Note = {Invited Paper},
	Title = {Approaches to Multiple Record Linkage},
	Year = {2011}}

@inproceedings{hall12,
	Address = {Berlin},
	Author = {Hall, R. and Fienberg, S.E.},
	Booktitle = {Privacy in Statistical Databases 2012},
	Date-Modified = {2013-05-31 02:32:24 +0000},
	Editor = {J. Domingo-Ferrer and I. Tinnirello},
	Pages = {131--142},
	Publisher = {Springer},
	Series = {Lecture Notes in Computer Science},
	Title = {Valid Statistical Inference on Automatically Matched Files},
	Volume = {7556},
	Year = {2012}}

@article{smmcmc,
	Author = {Jain, S. and Neal, R.},
	Journal = {Journal of Computational and Graphical Statistics},
	Pages = {158--182},
	Title = {A Split-Merge Markov Chain Monte Carlo Procedure for the Dirichlet Process Mixture Model},
	Volume = {13},
	Year = {2004}}

@article{zhang_2011,
	Author = {Zhang, S. and Midthune, D. and Guenther, P.M. and Krebs-Smith, S.M. and Kipnis, V. and Dodd, K.W. and Buckman, D.W. and Tooze, J.A. and Freedman, L. and Carroll, R.J.},
	Journal = {Annals of Applied Statistics},
	Number = {2B},
	Pages = {1456-87},
	Title = {A new multivariate measurement error model with zero-inflated dietary data, and its application to dietary assessment},
	Volume = {5},
	Year = {2011}}

@article{carroll_2013,
	Author = {Carroll, R.J.},
	Journal = {Statistical Science},
	Number = {?},
	Pages = {?},
	Title = {Estimating the Distribution of Dietary Consumption Patterns},
	Volume = {?},
	Year = {2013}}

@article{little_1991,
	Author = {Little, R.},
	Journal = {Journal of Official Statistics},
	Number = {4},
	Pages = {405-424},
	Title = {Inference with survey weights},
	Volume = {7},
	Year = {1991}}

@article{fienberg_2009,
	Author = {Fienberg, S.},
	Journal = {Journal of Privacy and Confidentiality},
	Number = {2},
	Title = {The Relevance or Irrelevance of Weights for Confidentiality and Statistical Analyses},
	Volume = {1},
	Year = {2009}}

@article{chaud_2008,
	Author = {Chaudhuri, S. and Handock, M. and Rendall, M.},
	Journal = {Journal of the Royal Statistical Society, B,},
	Number = {2},
	Pages = {311-328},
	Title = {A Conditional empirical likelihood approach for combining sampling design and population level information},
	Volume = {70},
	Year = {2008}}

@article{elliot_2000,
	Author = {Elliot, M. and Little, R.},
	Journal = {Journal of Privacy and Confidentiality},
	Number = {3},
	Pages = {191-209},
	Title = {Model-Based Alternatives to Trimming Survey Weights},
	Volume = {16},
	Year = {2000}}

@article{pfeffermann_1993,
	Author = {Pfeffermann, D.},
	Journal = {International Statistical Review},
	Number = {1},
	Pages = {317-337},
	Title = {The Role of Sampling Weights When Modeling Survey Data},
	Volume = {61},
	Year = {1993}}

@article{pfeffermann_2013,
	Author = {Pfeffermann, D.},
	Journal = {Statistical Science},
	Number = {1},
	Pages = {40-68},
	Title = {New Important Developments in Small Area Estimation},
	Volume = {28},
	Year = {2013}}

@article{gelman_2007,
	Author = {Gelman, A.},
	Journal = {Statistical Science},
	Number = {2},
	Pages = {153-164},
	Title = {Struggles with survey weighting and regression modeling},
	Volume = {22},
	Year = {2007}}

@article{little_2007,
	Author = {Little, R.},
	Journal = {Statistical Science},
	Number = {2},
	Pages = {171-174},
	Title = {Comment: struggles with survey weighting and regression modeling},
	Volume = {22},
	Year = {2007}}

@article{ugarte_2009,
	Author = {Ugarte, {M. D.} and Goicoa, T. and Militino, {A. F.}},
	Journal = {TEST},
	Pages = {342-364},
	Title = {Benchmarked estimates in small areas using linear mixed models with restrictions.},
	Volume = {18},
	Year = {2009}}

@misc{liseo_2013,
	Author = {B. Liseo and A. Tancredi},
	Date-Modified = {2013-05-30 04:51:43 +0000},
	Title = {Some advances on {B}ayesian record linkage and inference for linked data},
	Url = {http://www.ine.es/e/essnetdi_ws2011/ppts/Liseo_Tancredi.pdf},
	Year = 2013,
	Bdsk-Url-1 = {http://www.ine.es/e/essnetdi_ws2011/ppts/Liseo_Tancredi.pdf}}

@misc{winkler_2000,
	Author = {W.E. Winkler},
	Date-Modified = {2013-05-31 02:23:04 +0000},
	Howpublished = {American Statistical Association, Proceedings of the Section on Survey Research Methods, 20--29},
	Title = {Machine Learning, Information Retrieval, and Record Linkage},
	Url = {http://www.niss.org/affiliates/dqworkshop/papers/winkler.pdf},
	Year = 2000,
	Bdsk-Url-1 = {http://www.niss.org/affiliates/dqworkshop/papers/winkler.pdf}}

@article{lahiri_2005,
	Author = {Lahiri, P. and Larsen, M.},
	Journal = {Journal of the American Statistical Association},
	Number = {469},
	Pages = {222-230},
	Title = {Regression Analysis With Linked Data},
	Volume = {100},
	Year = {2005}}

@article{liseo_2011,
	Author = {Tancredi, A. and Liseo, B.},
	Date-Modified = {2013-05-31 02:33:55 +0000},
	Journal = {Annals of Applied Statistics},
	Number = {2B},
	Pages = {1553--1585},
	Title = {A hierarchical {B}ayesian approach to record linkage and population size problems},
	Volume = {5},
	Year = {2011}}

@article{fellegi_1969,
	Author = {Fellegi, I. and Sunter, A.},
	Date-Modified = {2013-05-31 02:28:43 +0000},
	Journal = {Journal of the American Statistical Association},
	Number = {328},
	Pages = {1183--1210},
	Title = {A Theory for Record Linkage},
	Volume = {64},
	Year = {1969}}

@article{butar_2003,
	Author = {Butar, F. and Lahiri, P.},
	Journal = {J. Statist. Plann. Inference},
	Pages = {63-76},
	Title = {On measures of uncertainty of empirical Bayes small area estimators.},
	Volume = {112},
	Year = {2003}}

@article{jain_2004,
	Author = {S. Jain and R. Neal},
	Date-Modified = {2013-05-31 02:41:39 +0000},
	Journal = {Journal of Computational and Graphical Statistics},
	Pages = {158--182},
	Title = {A Split-Merge {M}arkov Chain {M}onte {C}arlo Procedure for the {D}irichlet Process Mixture Model},
	Volume = {13},
	Year = {2004}}

@article{bell_2013,
	Author = {Bell, W.R. and Datta, {G.S.} and Ghosh, M.},
	Date-Added = {2010-04-22 16:04:05 -0400},
	Date-Modified = {2010-04-22 16:04:05 -0400},
	Journal = {Biometrika},
	Number = {1},
	Pages = {189-202},
	Title = {Benchmarked Small Area Estimators},
	Volume = {100},
	Year = {2013}}

@article{ghosh_1994,
	Author = {Ghosh, Malay and Rao, JNK},
	Journal = {Statistical science},
	Pages = {55--76},
	Publisher = {JSTOR},
	Title = {Small area estimation: an appraisal},
	Year = {1994}}

@article{ghosh_2008,
	Author = {Ghosh, M. and Mergel, V. and Datta, G.},
	Date-Added = {2010-04-22 16:04:05 -0400},
	Date-Modified = {2010-04-22 16:04:05 -0400},
	Journal = {Journal of Multivariate Analysis},
	Pages = {1941-1961},
	Title = {Estimation, Prediction and the Stein Phenomenon under Divergence Loss},
	Volume = {99},
	Year = {2008}}

@article{bell_1999,
	Author = {Bell, W.R.},
	Date-Added = {2010-04-22 16:04:05 -0400},
	Date-Modified = {2010-04-22 16:04:05 -0400},
	Journal = {Bulletin of the International Statistical Institute, 52nd Session, Helsinki},
	Title = {Accounting for uncertainty about variances in small area estimation},
	Year = {1999}}

@article{bell_2010,
	Author = {Bell, W.R. and Datta, G.S. and Ghosh, M.},
	Date-Added = {2010-04-22 16:04:05 -0400},
	Date-Modified = {2010-04-22 16:04:05 -0400},
	Journal = {Preprint},
	Title = {Benchmarked Small Area Estimators},
	Year = {2010}}

@book{berger_1985,
	Author = {Berger, J.O.},
	Date-Added = {2010-04-22 16:04:05 -0400},
	Date-Modified = {2010-04-22 16:04:05 -0400},
	Publisher = {Springer-Verlag, New York},
	Title = {Statistical Decision Theory and Bayesian Analysis, 2nd Edition},
	Year = {1985}}

@article{datta_2000,
	Author = {Datta, G.S. and Lahiri, P.},
	Date-Added = {2010-04-22 16:04:05 -0400},
	Date-Modified = {2010-04-22 16:04:05 -0400},
	Journal = {Statistica Sinica},
	Pages = {613-627},
	Title = {A unified measure of uncertainty of estimated best linear unbiased predictors in small area estimation problems.},
	Volume = {10},
	Year = {2000}}

@article{datta_2005,
	Author = {Datta, G.S. and Rao, J.N.K. and Smith, D.D.},
	Date-Added = {2010-04-22 16:04:05 -0400},
	Date-Modified = {2010-04-22 16:04:05 -0400},
	Journal = {Biometrika},
	Pages = {183-196},
	Title = {On measuring the variability of small area estimators under a basic area level model},
	Volume = {92},
	Year = {2005}}

@article{datta_2011,
	Author = {Datta, GS and Ghosh, M and Steorts, R and Maples, J},
	Journal = {Test},
	Number = {3},
	Pages = {574--588},
	Publisher = {Springer},
	Title = {Bayesian benchmarking with applications to small area estimation},
	Volume = {20},
	Year = {2011}}

@article{deville_1992,
	Author = {Deville, J.C. and Sarndal, C.E.},
	Date-Added = {2010-04-22 16:04:05 -0400},
	Date-Modified = {2010-04-22 16:04:05 -0400},
	Journal = {Journal of the American Statistical Assocation},
	Number = {418},
	Title = {Calibration Estimators in Survey Sampling},
	Volume = {87},
	Year = {1992}}

@article{ghosh_1992,
	Author = {Ghosh, M.},
	Date-Added = {2010-04-22 16:04:05 -0400},
	Date-Modified = {2010-04-22 16:04:05 -0400},
	Journal = {Journal of the American Stastical Association},
	Pages = {533-540},
	Title = {Constrained Bayes estimation with applications},
	Volume = {87},
	Year = {1992}}

@article{ghosh_2011,
	Author = {Ghosh, M.},
	Journal = {Statistical Science},
	Pages = {187-202},
	Title = {Objective Priors: An Introduction for Frequentists},
	Volume = {26},
	Year = {2011}}

@article{ghosh_2013,
	Author = {Ghosh, M. and Steorts, R.},
	Journal = {TEST},
	Pages = {670-687},
	Title = {Two-Stage Bayesian Benchmarking as Applied to Small Area Estimation},
	Volume = {22},
	Year = {2013}}

@article{steorts_2011,
	Author = {Steorts, R. and Ghosh, M.},
	Journal = {Statistica Sinica},
	Month = {April},
	Title = {On Estimation of Mean Squared Errors of Benchmarked Empirical Bayes Estimators},
	Volume = {2},
	Year = {2013}}

@article{steorts_2013,
	Author = {Steorts, R.},
	Journal = {Working Paper},
	Title = {Divergence losses under benchmarking for small area estimation},
	Year = {2013}}

@article{isaki_2000,
	Author = {Isaki, C.T. and Tsay, J.H and Fuller, W.A.},
	Date-Added = {2010-04-22 16:04:05 -0400},
	Date-Modified = {2010-04-22 16:04:05 -0400},
	Journal = {Suvery Methodology},
	Pages = {31-42},
	Title = {Estimation of census adjustment factors},
	Volume = {26},
	Year = {2000}}

@article{little_2004,
	Author = {Little, R.J.},
	Journal = {Journal of the American Stastical Association},
	Number = {466},
	Pages = {546-556},
	Title = {To Model or Not to Model? {C}ompeting Modes of Inference for Finite Population Sampling},
	Volume = {99},
	Year = {2004}}

@article{louis_1984,
	Author = {Louis, T.A.},
	Date-Added = {2010-04-22 16:04:05 -0400},
	Date-Modified = {2010-04-22 16:04:05 -0400},
	Journal = {Journal of the American Stastical Association},
	Number = {393-398},
	Title = {Estimating a population of parameter values using Bayes and empirical Bayes methods},
	Volume = {79},
	Year = {1984}}

@article{nandram_2007,
	Author = {Nandram, B. and Toto, Ma. C.S. and Choi, J.W.},
	Date-Added = {2010-04-22 16:04:05 -0400},
	Date-Modified = {2010-04-22 16:04:05 -0400},
	Journal = {Preprint},
	Title = {A Bayesian benchmarking for small areas},
	Year = {2007}}

@article{fuller_2007,
	Author = {Fuller, W.A.},
	Date-Added = {2010-04-22 16:04:05 -0400},
	Date-Modified = {2010-04-22 16:04:05 -0400},
	Journal = {Preprint},
	Title = {Small area prediction subject to restrection},
	Year = {2007}}

@article{fay_1979,
	Author = {Fay, R.E. and Herriot, R.A.},
	Date-Added = {2010-04-22 16:04:05 -0400},
	Date-Modified = {2010-04-22 16:04:05 -0400},
	Journal = {Journal of the American Stastical Association},
	Pages = {269-277},
	Title = {Estimates of income from small places: an application of {James-Stein} procedures to census data},
	Volume = {74},
	Year = {1979}}

@article{pfeffermann_1981,
	Author = {Pfeffermann, D. and Nathan, G.},
	Date-Added = {2010-04-22 16:04:05 -0400},
	Date-Modified = {2010-04-22 16:04:05 -0400},
	Journal = {Journal of the American Stastical Association},
	Pages = {681-689},
	Title = {Regression analysis of data from a cluster sample},
	Volume = {76},
	Year = {1981}}

@article{pfeffermann_1991,
	Author = {Pfeffermann, D. and Barnard, C.H.},
	Date-Added = {2010-04-22 16:04:05 -0400},
	Date-Modified = {2010-04-22 16:04:05 -0400},
	Journal = {Journal of Business and Economic Statistics},
	Pages = {31-42},
	Title = {Some new estimators for small area means with application to the assessment of farmland values},
	Volume = {9},
	Year = {1991}}

@article{pfeffermann_2006,
	Author = {Pfeffermann, D. and Tiller, R.},
	Date-Added = {2010-04-22 16:04:05 -0400},
	Date-Modified = {2010-04-22 16:04:05 -0400},
	Journal = {Journal of the American Stastical Association},
	Pages = {1387-1397},
	Title = {Small area estimation with state-space models subject to benchmark constraints},
	Volume = {101},
	Year = {2006}}

@article{prasad_1990,
	Author = {Prasad, N.G.N. and Rao, J.N.K.},
	Date-Added = {2010-04-22 16:04:05 -0400},
	Date-Modified = {2010-04-22 16:04:05 -0400},
	Journal = {Journal of the American Stastical Association},
	Pages = {163-171},
	Title = {The estimation of the mean squared error of small-area estimators},
	Volume = {85},
	Year = {1990}}

@book{rao_2003,
	Author = {Rao, J.N.K.},
	Date-Added = {2010-04-22 16:04:05 -0400},
	Date-Modified = {2010-04-22 16:04:05 -0400},
	Publisher = {Wiley, New York},
	Title = {Small Area Estimation},
	Year = {2003}}

@article{srivastava_1992,
	Author = {Srivastava, J. and Ouyang, Z.},
	Journal = {Journal of Planning and Statistics},
	Pages = {199-218},
	Title = {Studies on a general estimator in sampling utilizing extraneous information through a sample weight function},
	Volume = {31},
	Year = {1992}}

@article{sweeting_2006,
	Author = {Sweeting, T. and Datta, G.S. and Ghosh, M.},
	Journal = {Annals of Statistics},
	Pages = {441-468},
	Title = {Nonsubjective priors via predictive relative entropy regret},
	Volume = {34},
	Year = {2006}}

@article{you_2004,
	Author = {You, Y. and Rao, J.N.K},
	Date-Added = {2010-04-22 16:04:05 -0400},
	Date-Modified = {2010-04-22 16:04:05 -0400},
	Journal = {Statistics in Transition},
	Pages = {631-640},
	Title = {Benchmarking hierarchical{B}ayes small area estimators in the Canadian census undercoverage estimation},
	Volume = {6},
	Year = {2004}}

@article{you_2003,
	Author = {You, Y. and Rao, J.N.K},
	Date-Added = {2010-04-22 16:04:05 -0400},
	Date-Modified = {2010-04-22 16:04:05 -0400},
	Journal = {Journal of Statistical Planning and Inference},
	Pages = {197-208},
	Title = {Pseudo hierarchical Bayes small area estimation combining unit level models and survey weights},
	Volume = {111},
	Year = {2003}}

@article{you_2002,
	Author = {You, Y. and {Rao, J.N.K}},
	Date-Added = {2010-04-22 16:04:05 -0400},
	Date-Modified = {2010-04-22 16:04:05 -0400},
	Journal = {The Canadian Journal of Statistics},
	Pages = {431-439},
	Title = {A pseudo-empirical best linear unbiased prediction approach to small area estimation using survey weights.},
	Volume = {30},
	Year = {2002}}

@article{wang_2008,
	Author = {Wang, J. and Fuller, W.A. and Qu, Y.},
	Date-Added = {2010-04-22 16:04:05 -0400},
	Date-Modified = {2010-04-22 16:04:05 -0400},
	Journal = {Survey Methodology},
	Pages = {29-36},
	Title = {Small area estimation under a restriction},
	Volume = {34},
	Year = {2008}}

@article{zellner_1986,
	Author = {Zellner, A.},
	Date-Added = {2010-04-22 16:04:05 -0400},
	Date-Modified = {2010-04-22 16:04:05 -0400},
	Journal = {Advances in Econometrics},
	Pages = {171-182},
	Title = {Further results on Bayesian minimum expected loss (MELO) estimates and posterior distributions for structural coefficients.},
	Year = {1986}}

@article{zellner_1988,
	Author = {Zellner, A.},
	Date-Added = {2010-04-22 16:04:05 -0400},
	Date-Modified = {2010-04-22 16:04:05 -0400},
	Journal = {Journal of Econometrics},
	Pages = {27-50},
	Title = {Bayesian analysis in econometrics},
	Volume = {37},
	Year = {1988}}

@book{zellner_1994,
	Author = {Zellner, A.},
	Date-Added = {2010-04-22 16:04:05 -0400},
	Date-Modified = {2010-04-22 16:04:05 -0400},
	Publisher = {Springer-Verlag, New York},
	Series = {Bayesian and non-Bayesian estimation using balanced loss functions},
	Title = {Statistical Decision Theory and Related Topics},
	Year = {1994}}

@incollection{lehtonen_2009,
	Author = {Lehtonen, R. and Veijanen, A.},
	Booktitle = {Sample Surveys: Inference and Analysis},
	Date-Added = {2010-04-22 16:04:05 -0400},
	Date-Modified = {2010-04-22 16:04:05 -0400},
	Editor = {D. Pfeffermann and C. R. Rao},
	Pages = {219--249},
	Publisher = {North-Holland, Amsterdam},
	Series = {Handbook of Statistics},
	Title = {Design-based methods of estimation for domains and small areas.},
	Volume = {29B},
	Year = {2009}}

@article{mitchell2008predicting,
	Author = {Mitchell, Tom M. and Shinkareva, Svetlana V. and Carlson, Andrew and Chang, Kai-Min and Malave, Vicente L. and Mason, Robert A. and Just, Marcel Adam},
	Journal = {Science},
	Pages = {1191--1195},
	Publisher = {American Association for the Advancement of Science},
	Title = {Predicting human brain activity associated with the meanings of nouns},
	Volume = {320},
	Year = {2008}}

@article{sudre2012tracking,
	Author = {Sudre, Gustavo and Pomerleau, Dean and Palatucci, Mark and Wehbe, Leila and Fyshe, Alona and Salmelin, Riitta and Mitchell, Tom},
	Journal = {NeuroImage},
	Pages = {451--463},
	Publisher = {Elsevier},
	Title = {Tracking neural coding of perceptual and semantic features of concrete nouns},
	Volume = {62},
	Year = {2012}}

@article{tzourio2002automated,
	Author = {Tzourio-Mazoyer, N and Landeau, B and Papathanassiou, D and Crivello, F and Etard, O and Delcroix, N and Mazoyer, Bernard and Joliot, M},
	Journal = {Neuroimage},
	Pages = {273--289},
	Publisher = {Elsevier},
	Title = {Automated anatomical labeling of activations in {SPM} using a macroscopic anatomical parcellation of the {MNI} {MRI} single-subject brain},
	Volume = {15},
	Year = {2002}}

@inproceedings{palatucci2009zero,
	Author = {Palatucci, Mark and Pomerleau, Dean and Hinton, Geoffrey E and Mitchell, Tom M},
	Booktitle = {Advances in neural information processing systems},
	Pages = {1410--1418},
	Title = {Zero-shot learning with semantic output codes},
	Year = {2009}}

@article{smith2004overview,
	Author = {Smith, Stephen M},
	Journal = {British journal of radiology},
	Number = {suppl 2},
	Pages = {S167--S175},
	Publisher = {Br Inst Radiology},
	Title = {Overview of {fMRI} analysis},
	Volume = {77},
	Year = {2004}}

@article{naselaris2011encoding,
	Author = {Naselaris, Thomas and Kay, Kendrick N and Nishimoto, Shinji and Gallant, Jack L},
	Journal = {NeuroImage},
	Pages = {400--410},
	Publisher = {Elsevier},
	Title = {Encoding and decoding in fMRI},
	Volume = {56},
	Year = {2011}}

@misc{friedmanglmnet,
	Author = {Friedman, J and Hastie, T and Tibshirani, R and Jiang, H},
	Title = {Glmnet for Matlab},
	Year = 2010}

@article{sadinle2,
	Author = {Sadinle, Mauricio},
	Title = {{A Bayesian Framework for Duplicate Detection, Record Linkage, and Subsequent Inference with Linked Files}},
	Year = {2013}}

@article{larsen,
	Author = {Larsen, M. D. and Rubin, D. B.},
	Journal = {Journal of the American Statistical Association},
	Number = {453},
	Title = {{Iterative Automated Record Linkage Using Mixture Models}},
	Volume = {96},
	Year = {2001}}

@article{evt,
	Author = {Murat Sariyar and Andreas Borg and Klaus Pommerening},
	Journal = {Journal of Biomedical Informatics},
	Title = {{Controlling false match rates in record linkage using extreme value theory}},
	Volume = {in press},
	Year = {2011}}

@article{hartigan,
	Author = {Hartigan, J.A.},
	Journal = {John Wiley \& Sons, New York},
	Title = {{Clustering Algorithms}},
	Year = {1975}}

@misc{winkler-conv,
	Author = {Winkler, W.E.},
	Title = {{Personal communication}},
	Year = {2013}}

@misc{christen-conv,
	Author = {Christen, Peter},
	Title = {{Personal communication}},
	Year = {2011}}

@article{beka,
	Author = {Steorts, Rebecca C. and Hall, Robert and Fienberg, Stephen},
	Title = {{Parametric Bayesian Inference for High Dimensional Multiple Record Linkage}},
	Year = {2013}}

@article{iris,
	Author = {Fisher, R. A.},
	Journal = {Annals of Eugenics},
	Pages = {179---188},
	Title = {{The use of multiple measurements in taxonomic problems}},
	Volume = {7},
	Year = {1936}}

@article{minimax,
	Author = {Jacob Bien and Robert Tibshirani},
	Journal = {Annals of Eugenics},
	Pages = {1075--1084},
	Title = {{Hierarchical Clustering With Prototypes via Minimax Linkage}},
	Url = {http://www-stat.stanford.edu/~jbien/jasa2011minimax.pdf},
	Year = {2012},
	Bdsk-Url-1 = {http://www-stat.stanford.edu/~jbien/jasa2011minimax.pdf}}

@article{tantrum,
	Author = {Jeremy Tantrum and Alejandro Murua and Werner Stuetzle},
	Journal = {Information Systems},
	Pages = {315---326},
	Title = {{Hierarchical model-based clustering of large datasets through fractionation and refractionation}},
	Url = {http://www.dms.umontreal.ca/~murua/research/hierarchicalMBC.pdf},
	Volume = {29},
	Year = {2004},
	Bdsk-Url-1 = {http://www.dms.umontreal.ca/~murua/research/hierarchicalMBC.pdf}}

@article{blb,
	Author = {Ariel Kleiner and Ameet Talwalkar and Purnamrita Sarkar and Michael I. Jordan},
	Title = {{A Scalable Bootstrap for Massive Data}},
	Url = {http://arxiv.org/abs/1112.5016},
	Year = {2012},
	Bdsk-Url-1 = {http://arxiv.org/abs/1112.5016}}

@article{strings,
	Author = {Wikipedia},
	Title = {{Approximate string matching}},
	Url = {http://en.wikipedia.org/wiki/Approximate_string_matching},
	Year = {2013},
	Bdsk-Url-1 = {http://en.wikipedia.org/wiki/Approximate_string_matching}}

@article{nltcs,
	Author = {Kenneth G. Manton},
	Institution = {Duke University},
	Title = {{The National Long-Term Care Survey}},
	Url = {http://www.nltcs.aas.duke.edu/data.htm},
	Year = {2013},
	Bdsk-Url-1 = {http://www.nltcs.aas.duke.edu/data.htm}}

@article{jw,
	Author = {Winkler, W.E.},
	Journal = {Proceedings of the Section on Survey Research Methods (American Statistical Association)},
	Pages = {354--359},
	Title = {{String Comparator Metrics and Enhanced Decision Rules in the Fellegi-Sunter Model of Record Linkage}},
	Year = {1990}}

@article{winkler95,
	Author = {Winkler, W.E.},
	Journal = {Business Survey Methods, New York: J. Wiley},
	Pages = {355--384},
	Title = {{Matching and Record Linkage}},
	Year = {1995}}

@article{han,
	Author = {H. Han and L. Giles and H. Zha and C. Li and K. Tsioutsiouliklis},
	Journal = {Joint Conference on Digital Libraries},
	Title = {{Two Supervised Learning Approaches for Name Disambiguation in Author Citations}},
	Year = {2004}}

@article{f2,
	Author = {R. Lai and A. D'Amour and L. Fleming},
	Title = {{The careers and co-authorship networks of U.S. patent-holders, since 1975}},
	Year = {2009}}

@article{f3,
	Author = {R. Lai and A. D'Amour and A. Yu and Y. Sun and L. Fleming},
	Title = {{Disambiguation and Co-authorship Networks of the U.S. Patent Inventor Database}},
	Year = {2011}}

@article{treeratpituk,
	Author = {P. Treeratpituk and C.L. Giles},
	Journal = {Joint Conference on Digital Libaries},
	Title = {{Disambiguating Authors in Academic Publications using Random Forests}},
	Year = {2009}}

@article{torvik,
	Article = {11},
	Author = {V. Torvik and N. Smalheiser},
	Journal = {ACM Transactions on Knowledge Discovery from Data},
	Number = {3},
	Title = {{Author Name Disambiguation in MEDLINE}},
	Volume = {3},
	Year = {2009}}

@article{uspto,
	Author = {USPTO},
	Title = {{USPTO Assignee Harmonization}},
	Url = {http://www.uspto.gov/web/offices/ac/ido/oeip/taf/data/misc/data_cd.doc/assignee_harmonization/_read_me_assignees_69_10Nov05.txt},
	Year = {2006},
	Bdsk-Url-1 = {http://www.uspto.gov/web/offices/ac/ido/oeip/taf/data/misc/data_cd.doc/assignee_harmonization/_read_me_assignees_69_10Nov05.txt}}

@article{carayol,
	Author = {N. Carayol and L. Cassi},
	Title = {{Who's Who in Patents: A Bayesian approach}},
	Year = {2009}}

@unpublished{wunmi,
	Author = {E. Akinsanmi and R. Reagans and E. Fuchs},
	Journal = {Carnegie Mellon University working paper},
	Title = {{Economic Downturns, Technology Trajectories, and the Careers of Scientists}},
	Year = {2012}}

@unpublished{sam-epp,
	Author = {S. L. Ventura and R. Nugent and E.R.H. Fuchs},
	Journal = {Currently Under Review},
	Title = {{Methods Matter: Rethinking Inventor Disambiguation Algorithms with Classification Models and Labeled Inventor Records}},
	Year = {2013}}

@book{hastie,
	Author = {Hastie, T. and Tibshirani, R. and Friedman, J.},
	Publisher = {Springer-Verlag},
	Title = {{The Elements of Statistical Learning: Data Mining, Inference, and Prediction, Second Edition}},
	Year = {2009}}

@article{breiman,
	Author = {Breiman, L.},
	Journal = {Machine Learning},
	Number = {1},
	Pages = {5-32},
	Title = {{Random Forests}},
	Volume = {45},
	Year = {2001}}

@article{martins,
	Author = {B. Martins},
	Journal = {Lecture Notes in Computer Science},
	Pages = {34--51},
	Title = {{A Supervised Machine Learning Approach for Duplicate Detection for Gazetteer Records}},
	Volume = {6631},
	Year = {2011}}

@article{cox1972rmald,
	Author = {Cox, D.R},
	Journal = {Journal of the Royal Statistical Society, Series B},
	Pages = {187-220},
	Title = {{Regression Models and Life-Tables (with discussion)}},
	Volume = {34},
	Year = {1972}}

@article{hirotsu2002umpmafmdotsatd,
	Author = {Hirotsu, Nobuyoshi and Wright, Michael},
	Journal = {Journal of the Operational Research Society},
	Number = {1},
	Title = {{Using a Markov Process Model of an Association Football Match to Determine the Optimal Timing of Substitution and Tactical Decisions}},
	Volume = {53},
	Year = {2002}}

@article{rosenbaum2004mhnphttw,
	Author = {Dan T. Rosenbaum},
	Title = {{Measuring How NBA Players Help Their Teams Win}},
	Url = {http://www.82games.com/comm30.htm},
	Year = {2004},
	Bdsk-Url-1 = {http://www.82games.com/comm30.htm}}

@inproceedings{lock2009b+rscnp,
	Author = {Dennis Lock and MIchael Schuckers},
	Journal = {Joint Statistical Meetings},
	Note = {Presentation at Joint Statistical Meetings},
	Title = {{Beyond +/-: A Rating System to Compare NHL Players}},
	Year = {2009}}

@article{tibshirani1996rsasvl,
	Author = {Tibshirani, Robert},
	Journal = {Journal of the Royal Statistical Society, Series B (Methodology)},
	Number = {1},
	Pages = {267--288},
	Title = {{Regression Shrinkage and Selection via the Lasso}},
	Volume = {58},
	Year = {1996}}

@article{tibshirani1997lmfvscm,
	Author = {Robert Tibshirani},
	Journal = {Statistics in Medicine},
	Local-Url = {%UD%/T/Tibshirani (1997) The Lasso Method for Variable Selection in the Cox Model.pdf},
	Pages = {385-395},
	Title = {{The Lasso Method for Variable Selection in the Cox Model}},
	Volume = {16},
	Year = {1997}}

@article{zou2005regularization,
	Author = {Zou, H. and Hastie, T.},
	Journal = {Journal of the Royal Statistical Society: Series B (Statistical Methodology)},
	Local-Url = {%UD%/Z/Zou (2005) Regularization and variable selection via the elastic net.pdf},
	Number = {2},
	Pages = {301--320},
	Title = {{Regularization and variable selection via the elastic net}},
	Volume = {67},
	Year = {2005}}

@article{wikipedia2012p,
	Author = {Wikipedia},
	Title = {{Plus-Minus}},
	Url = {http://en.wikipedia.org/wiki/Plus-minus},
	Year = {2012},
	Bdsk-Url-1 = {http://en.wikipedia.org/wiki/Plus-minus}}

@article{macdonald2011rapsfnp,
	Author = {Brian Macdonald},
	Journal = {Journal of Quantitative Analysis in Sports},
	Number = {3},
	Title = {{A Regression-based Adjusted Plus-Minus Statistic for NHL Players}},
	Volume = {7},
	Year = {2011}}

@inproceedings{macdonald2012egmfentap,
	Author = {Brian Macdonald},
	Booktitle = {MIT Sloan Sports Analytics Conference 2012},
	Local-Url = {%UD%/M/Macdonald (2012) An Expected Goals Model for Evaluating NHL Teams and Players.pdf},
	Title = {{An Expected Goals Model for Evaluating NHL Teams and Players}},
	Year = {2012}}

@article{macdonald2012apfnpurr,
	Author = {Brian Macdonald},
	Local-Url = {%UD%/M/Macdonald (2012) Adjusted Plus-Minus for NHL Players using Ridge Regression.pdf},
	Title = {{Adjusted Plus-Minus for NHL Players using Ridge Regression}},
	Url = {http://arxiv.org/abs/1201.0317v1},
	Year = {2012},
	Bdsk-Url-1 = {http://arxiv.org/abs/1201.0317v1}}

@unpublished{schuckers2011nhlsrbuaoeampaa,
	Author = {Michael E. Schuckers and Dennis F. Lock and Chris Wells and C. J. Knickerbocker and Robin H. Lock},
	Local-Url = {%UD%/S/Schuckers (2011) National Hockey League Skater Ratings Based upon All On-Ice Events An Adjusted Minus-Plus Probability (AMPP) Approach.pdf},
	Title = {{National Hockey League Skater Ratings Based upon All On-Ice Events: An Adjusted Minus/Plus Probability (AMPP) Approach}},
	Year = {2011}}

@article{sill2010ina+uraot,
	Author = {Joseph Sill},
	Journal = {MIT Sloan Sports Analytics Conference},
	Local-Url = {%UD%/S/Sill (2010) Improved NBA Adjusted +-- Using Regularization and Out-of-Sample Testing.pdf},
	Title = {{Improved NBA Adjusted +/- Using Regularization and Out-of-Sample Testing}},
	Year = {2010}}

@article{thomas2006ippalihs,
	Author = {A.C. Thomas},
	Comment = {Paper number 1!},
	Journal = {Journal for Quantitative Analysis in Sports},
	Local-Url = {%UD%/T/Thomas - 2006 - The Impact of Puck Possession and Location on Ice Hockey Strategy.pdf},
	Number = {1},
	Tag = {sports,},
	Title = {{The Impact of Puck Possession and Location on Ice Hockey Strategy}},
	Volume = {2},
	Year = {2006}}

@article{thomas2007itgih,
	Author = {A.C. Thomas},
	Journal = {Journal of Quantitative Analysis in Sports},
	Local-Url = {%UD%/T/Thomas - 2007 - Inter-Arrival Times of Goals in Ice Hockey.pdf},
	Number = {3},
	Tag = {sports,},
	Title = {{Inter-Arrival Times of Goals in Ice Hockey}},
	Volume = {3},
	Year = {2007}}

@article{hoerl1970rrbefnp,
	Author = {Hoerl, A. E. and R. W. Kennard},
	Journal = {Technometrics},
	Pages = {55--67},
	Title = {{Ridge regression: Biased estimation for nonorthogonal problems}},
	Volume = {12},
	Year = {1970}}

@article{brown2008ipbaftebabm,
	Author = {Lawrence D. Brown},
	Journal = {The Annals of Applied Statistics},
	Local-Url = {%UD%/B/Brown - 2008 - In-season Prediction of Batting Averages -- A Field Test of Empirical Bayes and Bayes Methodologies.pdf},
	Number = {1},
	Pages = {113--152},
	Title = {{In-season Prediction of Batting Averages -- A Field Test of Empirical Bayes and Bayes Methodologies}},
	Volume = {2},
	Year = {2008}}

@article{james1961eql,
	Author = {James, W. and Stein, C},
	Journal = {Proc. 4th Berkeley Symp. Probab. Statist},
	Pages = {367--379},
	Title = {{Estimation with quadratic loss}},
	Volume = {1},
	Year = {1961}}

@article{beaudoin2010sfpgh,
	Author = {David Beaudoin and Tim B. Swartz},
	Journal = {The American Statistician},
	Local-Url = {%UD%/B/Beaudoin - 2010 - Strategies for Pulling the Goalie in Hockey.pdf},
	Number = {3},
	Title = {{Strategies for Pulling the Goalie in Hockey}},
	Volume = {64},
	Year = {2010}}

@incollection{morrison1976otpgpmacsuih,
	Author = {Morrison, D.G.},
	Booktitle = {TIMS Studies in Management Science},
	Title = {{On the Optimal Time to Pull the Goalie: A Poisson Model Applied to a Common Strategy Used in Ice Hockey}},
	Volume = {4},
	Year = {1976}}

@article{ilardi2008aprnaif2,
	Author = {Ilardi, S. and A. Barzilai},
	Title = {{Adjusted Plus-Minus Ratings: New and Improved for 2007-2008}},
	Url = {http://www.82games.com/ilardi2.htm},
	Year = {2008},
	Bdsk-Url-1 = {http://www.82games.com/ilardi2.htm}}

@article{cook2006vsb,
	Author = {Samantha R. Cook and Andrew Gelman and Donald B. Rubin},
	Journal = {Journal of Computational and Graphical Statistics},
	Local-Url = {%UD%/C/Cook - 2006 - Validation of Software for Bayesian Models Using Posterior Quantiles.pdf},
	Number = {3},
	Pages = {675--692},
	Title = {{Validation of Software for Bayesian Models Using Posterior Quantiles}},
	Volume = {15},
	Year = {2006}}

@article{gramacy2013epchrlr,
	Author = {Robert B. Gramacy and Shane T. Jensen and Matt Taddy},
	Local-Url = {%UD%/G/Gramacy (2013) Estimating Player Contribution in Hockey with Regularized Logistic Regression.pdf},
	Title = {{Estimating Player Contribution in Hockey with Regularized Logistic Regression}},
	Url = {http://arxiv.org/abs/1209.5026},
	Year = {2013},
	Bdsk-Url-1 = {http://arxiv.org/abs/1209.5026}}

@article{berry1999bdes,
	Author = {Scott M. Berry and C. Shane Reese and Patrick D. Larkey},
	Journal = {Journal of the American Statistical Association},
	Local-Url = {%UD%/B/Berry - 1999 - Bridging Different Eras in Sports.pdf},
	Month = {Sep},
	Number = {447},
	Pages = {661-676},
	Title = {{Bridging Different Eras in Sports}},
	Volume = {94},
	Year = {1999}}

@article{dawid1994spbi,
	Author = {A. P. Dawid},
	Journal = {Lecture Notes-Monograph Series, Vol. 24, Multivariate Analysis and Its Applications},
	Local-Url = {%UD%/D/Dawid (1994) Selection Paradoxes of Bayesian Inference.pdf},
	Pages = {211-220},
	Title = {{Selection Paradoxes of Bayesian Inference}},
	Year = {1994}}

@book{klein-reif,
	Author = {Jeff Z. Klein and Karl-Eric Reif},
	Title = {{The Hockey Compendium: NHL Facts, Stats and Stories}},
	Year = {2001}}

@article{hans2011enrmonp,
	Author = {Chris Hans},
	Journal = {Journal of the American Statistical Association},
	Local-Url = {%UD%/H/Hans (2011) Elastic Net Regression Modeling With the Orthant Normal Prior.pdf},
	Number = {496},
	Pages = {1383-1393},
	Title = {{Elastic Net Regression Modeling With the Orthant Normal Prior}},
	Volume = {106},
	Year = {2011}}

@article{li2010ben,
	Author = {Qing Li and Nan Lin},
	Journal = {Bayesian Analysis},
	Local-Url = {%UD%/L/Li (2010) The Bayesian Elastic Net.pdf},
	Number = {1},
	Pages = {151--170},
	Title = {{The Bayesian Elastic Net}},
	Volume = {5},
	Year = {2010}}

@article{park2008bl,
	Author = {Trevor Park and George Casella},
	Journal = {Journal of the American Statistical Association},
	Local-Url = {%UD%/P/Park (2008) The Bayesian Lasso.pdf},
	Number = {482},
	Title = {{The Bayesian Lasso}},
	Volume = {103},
	Year = {2008}}

@article{Minnotte93themode,
	Author = {Michael C. Minnotte and David W. Scott},
	Journal = {Journal of Computational and Graphical Statistics},
	Pages = {51--68},
	Title = {The Mode Tree: A Tool for Visualization of Nonparametric Density Features},
	Volume = {2},
	Year = {1993}}

@article{hartigan1981,
	Author = {Hartigan, J. A.},
	Issn = {01621459},
	Journal = {Journal of the American Statistical Association},
	Jstor_Articletype = {research-article},
	Jstor_Formatteddate = {Jun., 1981},
	Language = {English},
	Number = {374},
	Pages = {pp. 388-394},
	Title = {Consistency of Single Linkage for High-Density Clusters},
	Url = {http://www.jstor.org/stable/2287840},
	Volume = {76},
	Year = {1981},
	Bdsk-Url-1 = {http://www.jstor.org/stable/2287840}}
